@article{nasa_structure,
author = {S. Caldwell},
journal = {NASA, Oct},
title = {6.0 Structures, Materials, and Mechanisms},
volume = {15},
year = {2021},
url = {http://www.nasa.gov/smallsat-institute/sst-soa/structures-materials-and-mechanisms},
}

@unpublished{adcs,
author = {Scott R. Starin, John Eterno},
month = {January},
title = {19.1 Attitude Determination and Control Systems},
year = {2011},
url = {https://ntrs.nasa.gov/citations/20110007876},
}

@article{cubesat_standard,
author = {A. Mehrparvar},
journal = {California Polytechnic State University, Feb},
month = {Mar.},
pages = {2014},
title = {CubeSat Design Specification},
volume = {20},
year = {2022},
url = {https://static1.squarespace.com/static/5418c831e4b0fa4ecac1bacd/t/56e9b62337013b6c063a655a/1458157095454/cds_rev13_final2.pdf},
}

@article{radiation,
author = {V. S. Bhuma and S. K. Balsu},
title = {Evaluation Of Radiation Tolerant Satellite Communication Modem},
volume = {52},
year = {2012},
url = {https://www.semanticscholar.org/paper/Evaluation-Of-Radiation-Tolerant-Satellite-Modem-Bhuma-Balsu/659bf3b9400ac0431332bb7e65dd580d3fc8558c},
}

@article{solar_cell,
author = {J. Ramos and J. J. Campayo and E. Zulueta and O. Barambones and P. Eguia and I. Zamora},
journal = {Renewable Energy and Power Quality Journal, pp},
month = {March},
pages = {814-819},
title = {Obtaining the characteristics curves of a photocell by different methods},
year = {2013},
doi = {10.24084/repqj11.455},
}

@article{overview,
author = {R. Birkeland and O. Gutteberg},
journal = {Feb.},
month = {Mar.},
title = {Overview of the NUTS CubeSat Project},
year = {2014},
url = {https://www.researchgate.net/publication/269389876_Overview_of_the_NUTS_CubeSat_Project},
}

@mastersthesis{power_distribution,
author = {D. D. Bruyn},
month = {June},
school = {Norwegian University of Science and Technology},
title = {“Power Distribution and Conditioning for a Small Student Satellite: Design of the NUTS Backplane & EPS Module.” Norwegian University of Science and Technology},
year = {2011},
}

@unpublished{freertos,
author = {Amazon Web Services, Inc.},
title = {The FreeRTOS Kernel},
url = {https://www.freertos.org/RTOS.html},
}
